%
%  An example of a bibliographical database for bibTeX
%
%  Recommended software for maintenance of *.bib files:
%    JabRef, http://jabref.sourceforge.net/
%
%  BEWARE:
%
%    *  If a name contains a capital letter, which must be kept such,
%       use curly brackets ({T}hailand, {HIV}).
%
%  ===========================================================================

@article{MadrasLiu-mcmc,
  title={Random pattern-avoiding permutations},
  author={Madras, Neal and Liu, Hailong},
  journal={Algorithmic Probability and Combinatorics, AMS, Providence, RI},
  pages={178--180},
  year={2010}
}

@book{Madras,
  title={Lectures on Monte Carlo methods},
  author={Madras, Neal},
  volume={16},
  year={2002},
  pages={53--58},
  publisher={Springer Science \& Business}
}

@book{Karlin,
  title={A First Course in Stochastic Processes},
  author={Karlin, Samuel and Taylor, Howard M},
  volume={1},
  year={1975},
  publisher={Gulf Professional Publishing},
  pages={45--102}
}

@online{EasyBMP,
  title={An open source (revised {BSD}) {C}++ library},
  author={Macklin, Paul},
  year={2005},
  url={http://easybmp.sourceforge.net/},
  urldate={2016-18-07}
}

@online{program,
  title={The program generating random binary matrices without forbidden patterns},
  author={Ku\v{c}era, Stanislav},
  year={2016},
  url={https://github.com/StanislavKucera/MatrixAvoiding/tree/Release},
  urldate={2016-21-07}
}